<?xml version="1.0" encoding="utf-8"?>
<record xmlns="http://www.loc.gov/MARC21/slim" xmlns:xsi="http://www.w3.org/2001/XMLSchema-instance" xsi:schemaLocation="http://www.loc.gov/MARC21/slim http://www.loc.gov/standards/marcxml/schema/MARC21slim.xsd">
	<leader>     nam a22        4500</leader>
	<controlfield tag="001">21783</controlfield>
	<controlfield tag="003">NIC</controlfield>
	<controlfield tag="006">m        d        </controlfield>
	<controlfield tag="007">cr cn |||m|||a</controlfield>
	<controlfield tag="008">150505m19781980ir      ob    001 0carar </controlfield>
	<datafield ind1=" " ind2=" " tag="040">
		<subfield code="a">NNU</subfield>
		<subfield code="b">eng</subfield>
		<subfield code="e">rda</subfield>
		<subfield code="c">NNU</subfield>
	</datafield>
	<datafield ind1="0" ind2="0" tag="050">
		<subfield code="a">KBP330.I267</subfield>
		<subfield code="b">A683 1978</subfield>
	</datafield>
	<datafield ind1="1" ind2=" " tag="100">
		<subfield code="6">880-01</subfield>
		<subfield code="a">Ibn Qāḍī Shuhbah, Aḥmad ibn Muḥammad,</subfield>
		<subfield code="d">1377-1448.</subfield>
	</datafield>
	<datafield ind1="1" ind2="0" tag="245">
		<subfield code="6">880-02</subfield>
		<subfield code="a">Ṭabaqāt al-Shāfiʻīyah /</subfield>
		<subfield code="c">li-Abī Bakr ibn Aḥmad ibn Muḥammad ibn ʻUmar ibn Muḥammad, Taqī al-Dīn ibn Qāḍī Shubah al-Dimashqī ; iʻtaná bi-taṣḥīḥi wa-ʻallaqa ʻalayhi wa-rataba fahārisah al-Ḥāfiẓ ʻAbd al-ʻAlīm Khān.</subfield>
	</datafield>
	<datafield ind1="3" ind2=" " tag="246">
		<subfield code="6">880-03</subfield>
		<subfield code="a">Ṭabaqāt ash-Shāfiʻīya</subfield>
	</datafield>
	<datafield ind1=" " ind2=" " tag="250">
		<subfield code="6">880-04</subfield>
		<subfield code="a">al-Ṭabʻah 1.</subfield>
	</datafield>
	<datafield ind1=" " ind2=" " tag="260">
		<subfield code="6">880-05</subfield>
		<subfield code="a">Ḥaydarābād al-Dakkan, al-Hind :</subfield>
		<subfield code="b">Maṭbaʻah Majlis Dāʼirat al-Maʻārif al-ʻUthmānīyah,</subfield>
		<subfield code="c">1978-1980.</subfield>
	</datafield>
	<datafield ind1=" " ind2=" " tag="300">
		<subfield code="a">online resource (4 volumes)</subfield>
	</datafield>
	<datafield ind1=" " ind2=" " tag="336">
		<subfield code="a">text</subfield>
		<subfield code="2">rdacontent</subfield>
	</datafield>
	<datafield ind1=" " ind2=" " tag="337">
		<subfield code="a">computer</subfield>
		<subfield code="2">rdamedia</subfield>
	</datafield>
	<datafield ind1=" " ind2=" " tag="338">
		<subfield code="a">online resource</subfield>
		<subfield code="2">rdacarrier</subfield>
	</datafield>
	<datafield ind1="1" ind2=" " tag="490">
		<subfield code="6">880-06</subfield>
		<subfield code="a">Maṭbūʻāt Dāʼirat al-Maʻārif al-ʻUthmānīyah. Silsilah al-jadīdah ;</subfield>
		<subfield code="v">5/j/7/1-5/j/7/4</subfield>
	</datafield>
	<datafield ind1=" " ind2=" " tag="500">
		<subfield code="a">Title on added t.p.: Tabaqāt ash-Shāfiʻiya.</subfield>
	</datafield>
	<datafield ind1=" " ind2=" " tag="500">
		<subfield code="a">Part of the Arabic Collections Online (ACO) project, contributed by Cornell University Libraries.</subfield>
	</datafield>
	<datafield ind1=" " ind2=" " tag="504">
		<subfield code="a">Includes bibliographical references and index.</subfield>
	</datafield>
	<datafield ind1=" " ind2=" " tag="533">
		<subfield code="a">Electronic reproduction.</subfield>
		<subfield code="b">New York, N.Y. :</subfield>
		<subfield code="c">New York University,</subfield>
		<subfield code="d">2015.</subfield>
		<subfield code="5">NNU</subfield>
	</datafield>
	<datafield ind1=" " ind2="0" tag="650">
		<subfield code="a">Shafiites</subfield>
		<subfield code="x">Biography</subfield>
		<subfield code="v">Early works to 1800.</subfield>
	</datafield>
	<datafield ind1="1" ind2=" " tag="700">
		<subfield code="6">880-07</subfield>
		<subfield code="a">Khān, al-Ḥāfiẓ ʻAbd al-ʻAlīm.</subfield>
	</datafield>
	<datafield ind1="2" ind2=" " tag="710">
		<subfield code="a">Cornell University.</subfield>
		<subfield code="b">Libraries.</subfield>
	</datafield>
	<datafield ind1="0" ind2=" " tag="730">
		<subfield code="a">Arabic Collections Online.</subfield>
	</datafield>
	<datafield ind1="0" ind2="8" tag="776">
		<subfield code="i">Online version:</subfield>
		<subfield code="a">Ibn Qāḍī Shuhbah, Aḥmad ibn Muḥammad, 1377-1448.</subfield>
		<subfield code="t">Ṭabaqāt al-Shāfiʻīyah.</subfield>
		<subfield code="b">al-Ṭabʻah 1.</subfield>
		<subfield code="d">Ḥaydarābād al-Dakkan, al-Hind : Maṭbaʻah Majlis Dāʼirat al-Maʻārif al-ʻUthmānīyah, 1978-1980</subfield>
		<subfield code="w">(OCoLC)568721721</subfield>
	</datafield>
	<datafield ind1="0" ind2="8" tag="776">
		<subfield code="i">Print version:</subfield>
		<subfield code="a">Ibn Qāḍī Shuhbah, Aḥmad ibn Muḥammad, 1377-1448.</subfield>
		<subfield code="t">Ṭabaqāt al-Shāfiʻīyah</subfield>
		<subfield code="w">(NIC)21783</subfield>
		<subfield code="w">(DLC)   82901242 </subfield>
		<subfield code="w">(OCoLC)10711000</subfield>
	</datafield>
	<datafield ind1=" " ind2="0" tag="830">
		<subfield code="6">880-08</subfield>
		<subfield code="a">Silsilah al-jadīdah min maṭbūʻāt Dāʼirat al-Maʻārif al-ʻUthmānīyah ;</subfield>
		<subfield code="v">5/j/7/1-5/j/7/4.</subfield>
	</datafield>
	<datafield ind1="4" ind2="0" tag="856">
		<subfield code="u">http://hdl.handle.net/2333.1/pk0p2qt3</subfield>
	</datafield>
	<datafield ind1="1" ind2=" " tag="880">
		<subfield code="6">100-01/r</subfield>
		<subfield code="a">ابن قاضى شهبه، احمد ابن محمد،</subfield>
		<subfield code="d">1377-1448.</subfield>
	</datafield>
	<datafield ind1="1" ind2="0" tag="880">
		<subfield code="6">245-02/r</subfield>
		<subfield code="a">طبقات الشافعية /</subfield>
		<subfield code="c">لابى بكر بن احمد بن محمد بن عمر بن محمد، تقى الدين ابن قاضى شبهة الدمشقى ؛ اعتنى بتصحيحه و علق عليه و رتب فهارسه الحافظ عبد العليم خان.</subfield>
	</datafield>
	<datafield ind1="3" ind2=" " tag="880">
		<subfield code="6">246-03/r</subfield>
		<subfield code="a">طبقات الشافيعيه</subfield>
	</datafield>
	<datafield ind1=" " ind2=" " tag="880">
		<subfield code="6">250-04/r</subfield>
		<subfield code="a">الطبعة 1.</subfield>
	</datafield>
	<datafield ind1=" " ind2=" " tag="880">
		<subfield code="6">260-05/r</subfield>
		<subfield code="a">حيدرآباد الدكان :</subfield>
		<subfield code="b">مطبعه مجلس دائرة المعارف العثمانيه،</subfield>
		<subfield code="c">1978-1980.</subfield>
	</datafield>
	<datafield ind1="1" ind2=" " tag="880">
		<subfield code="6">490-06/r</subfield>
		<subfield code="a">مطبوعات دائرة المعارف العثمانيه. سلسله الجديدة ؛</subfield>
		<subfield code="v">5/ج/7/1-5/ج/7/4</subfield>
	</datafield>
	<datafield ind1="1" ind2=" " tag="880">
		<subfield code="6">700-07/r</subfield>
		<subfield code="a">خان، الحافظ عبد العالم.</subfield>
	</datafield>
	<datafield ind1=" " ind2="0" tag="880">
		<subfield code="6">830-08/r</subfield>
		<subfield code="a">سلسلة الجديدة من مطبوعات دائرة المعارف العثمانية ؛</subfield>
		<subfield code="v">5/ج/7/15/ج/7/4.</subfield>
	</datafield>
	<datafield ind1=" " ind2=" " tag="959">
		<subfield code="a">NNU</subfield>
		<subfield code="b">WEB</subfield>
		<subfield code="c">GENI</subfield>
		<subfield code="t">0</subfield>
		<subfield code="m">Electronic access</subfield>
		<subfield code="s">01</subfield>
	</datafield>
	<datafield ind1=" " ind2=" " tag="999">
		<subfield code="i">NIC_21783</subfield>
		<subfield code="o">(OCoLC)ocm10711000</subfield>
		<subfield code="s">cornell_aco000001:v.1</subfield>
		<subfield code="s">cornell_aco000002:v.2</subfield>
		<subfield code="s">cornell_aco000003:v.3</subfield>
		<subfield code="s">cornell_aco000004:v.4</subfield>
		<subfield code="e">(ERROR-880)</subfield>
		<subfield code="s">cornell_aco000001:v.1</subfield>
		<subfield code="s">cornell_aco000002:v.2</subfield>
		<subfield code="s">cornell_aco000003:v.3</subfield>
		<subfield code="s">cornell_aco000004:v.4</subfield>
	</datafield>
</record>
